<?xml version="1.0" encoding="UTF-8"?><record xmlns="http://www.loc.gov/MARC21/slim" xmlns:cinclude="http://apache.org/cocoon/include/1.0" xmlns:zs="http://www.loc.gov/zing/srw/">
  <leader>00521nz  a2200145n  4500</leader>
  <controlfield tag="001">no2014160646</controlfield>
  <controlfield tag="003">DLC</controlfield>
  <controlfield tag="005">20141206073604.0</controlfield>
  <controlfield tag="008">141205n| azannaabn          |n aaa     c</controlfield>
  <datafield tag="010" ind1=" " ind2=" ">
    <subfield code="a">no2014160646</subfield>
  </datafield>
  <datafield tag="035" ind1=" " ind2=" ">
    <subfield code="a">(OCoLC)oca10032910</subfield>
  </datafield>
  <datafield tag="040" ind1=" " ind2=" ">
    <subfield code="a">MiFliG</subfield>
    <subfield code="b">eng</subfield>
    <subfield code="e">rda</subfield>
    <subfield code="c">MiFliG</subfield>
  </datafield>
  <datafield tag="100" ind1="1" ind2=" ">
    <subfield code="a">Simpson, Robert W.</subfield>
    <subfield code="c">(Of the Massachusetts Institute of Technology)</subfield>
  </datafield>
  <datafield tag="373" ind1=" " ind2=" ">
    <subfield code="a">Massachusetts Institute of Technology</subfield>
  </datafield>
  <datafield tag="670" ind1=" " ind2=" ">
    <subfield code="a">A systems approach to air transportation, 1970:</subfield>
    <subfield code="b">cover (Robert W. Simpson, Massachusetts Institute of Technology)</subfield>
  </datafield>
</record>